<record xmlns="http://www.loc.gov/MARC21/slim" xmlns:xsi="http://www.w3.org/2001/XMLSchema-instance" xsi:schemaLocation="http://www.loc.gov/MARC21/slim http://www.loc.gov/standards/marcxml/schema/MARC21slim.xsd"><leader>     nam a22        4500</leader><controlfield tag="001">001676979</controlfield><controlfield tag="003">NNU</controlfield><controlfield tag="006">m        d        </controlfield><controlfield tag="007">cr cn |||m|||a</controlfield><controlfield tag="008">150313s1956    iq      ob    000 0bara d</controlfield><datafield ind1=" " ind2=" " tag="040"><subfield code="a">NNU</subfield><subfield code="b">eng</subfield><subfield code="c">NNU</subfield></datafield><datafield ind1="1" ind2=" " tag="100"><subfield code="a">&#699;Askar&#299;, Murta&#7693;&#225;.</subfield></datafield><datafield ind1="1" ind2="0" tag="245"><subfield code="a">&#699;Abd All&#257;h ibn Saba&#700;, al-madkhal</subfield><subfield code="h">[electronic resource] :</subfield><subfield code="b">ba&#7717;th wa-ta&#7717;q&#299;q f&#299;m&#257; katabahu al-mu&#700;arrikh&#363;n wa-al-mustashriq&#363;n &#699;an Ibn Saba&#700; wa-qi&#7779;a&#7779; Isl&#257;m&#299;yah ukhr&#225; mundhu al-qarn al-th&#257;n&#299; al-Hijr&#299; &#7717;att&#225; al-yawm /</subfield><subfield code="c">ta&#700;l&#299;f Murt&#257;&#7693;&#225; al-&#699;Askar&#299;.</subfield></datafield><datafield ind1=" " ind2=" " tag="260"><subfield code="a">al-Najaf :</subfield><subfield code="b">al-Ma&#7789;ba&#699;ah al-&#699;Ilm&#299;yah,</subfield><subfield code="c">1956.</subfield></datafield><datafield ind1=" " ind2=" " tag="300"><subfield code="a">online resource ([3], 2, 182 p.)</subfield></datafield><datafield ind1=" " ind2=" " tag="500"><subfield code="a">Includes bibliographical references (p. 171-179).</subfield></datafield><datafield ind1=" " ind2=" " tag="500"><subfield code="a">Part of the Arabic Collections Online (ACO) project, contributed by New York Univeristy Libraries.</subfield></datafield><datafield ind1=" " ind2=" " tag="533"><subfield code="a">Electronic reproduction.</subfield><subfield code="b">New York, N.Y. :</subfield><subfield code="c">New York University,</subfield><subfield code="d">2015.</subfield><subfield code="5">NNU</subfield></datafield><datafield ind1="0" ind2="0" tag="600"><subfield code="a">&#699;Abd All&#257;h ibn Saba&#700;,</subfield><subfield code="d">7th cent.</subfield></datafield><datafield ind1="2" ind2=" " tag="710"><subfield code="a">New York University.</subfield><subfield code="b">Libraries.</subfield></datafield><datafield ind1="0" ind2=" " tag="730"><subfield code="a">Arabic Collections Online.</subfield></datafield><datafield ind1="0" ind2="8" tag="776"><subfield code="i">Print version:</subfield><subfield code="a">&#699;Askar&#299;, Murta&#7693;&#225;.</subfield><subfield code="t">&#699;Abd All&#257;h ibn Saba&#700;, al-madkhal</subfield><subfield code="w">(NNU)001676979</subfield></datafield><datafield ind1="4" ind2="0" tag="856"><subfield code="u">http://hdl.handle.net/2333.1/4mw6mcbp</subfield></datafield><datafield ind1=" " ind2=" " tag="959"><subfield code="a">NNU</subfield><subfield code="b">WEB</subfield><subfield code="c">GENI</subfield><subfield code="t">0</subfield><subfield code="m">Electronic access</subfield><subfield code="s">01</subfield></datafield><datafield ind1=" " ind2=" " tag="999"><subfield code="i">NNU_001676979</subfield><subfield code="s">nyu_aco000626</subfield><subfield code="e">(ERROR-880)</subfield></datafield></record>